@inproceedings{cotta2002inferring,
  title        = {Inferring phylogenetic trees using evolutionary algorithms},
  author       = {Cotta, Carlos and Moscato, Pablo},
  booktitle    = {International Conference on Parallel Problem Solving from Nature},
  pages        = {720--729},
  year         = {2002},
  organization = {Springer}
} 
@article{mo-phylogenetics,
  title     = {{MO}-Phylogenetics: a phylogenetic inference software tool with multi-objective evolutionary metaheuristics},
  author    = {Zambrano-Vega, Cristian and Nebro, Antonio J and Aldana-Montes, Jos{\'e} F},
  journal   = {Methods in Ecology and Evolution},
  volume    = {7},
  number    = {7},
  pages     = {800--805},
  year      = {2016},
  publisher = {Wiley Online Library}
} 
@article{azouri2021harnessing,
  title     = {Harnessing machine learning to guide phylogenetic-tree search algorithms},
  author    = {Azouri, Dana and Abadi, Shiran and Mansour, Yishay and Mayrose, Itay and Pupko, Tal},
  journal   = {Nature communications},
  volume    = {12},
  number    = {1},
  pages     = {1983},
  year      = {2021},
  publisher = {Nature Publishing Group UK London}
} 
@article{parallel-gaml,
  title     = {Genetic algorithms and parallel processing in maximum-likelihood phylogeny inference},
  author    = {Brauer, Matthew J and Holder, Mark T and Dries, Laurie A and Zwickl, Derrick J and Lewis, Paul O and Hillis, David M},
  journal   = {Molecular Biology and Evolution},
  volume    = {19},
  number    = {10},
  pages     = {1717--1726},
  year      = {2002},
  publisher = {Oxford University Press}
} 
@article{branch-and-bound,
  title     = {Branch and bound algorithms to determine minimal evolutionary trees},
  author    = {Hendy, Michael D and Penny, David},
  journal   = {Mathematical Biosciences},
  volume    = {59},
  number    = {2},
  pages     = {277--290},
  year      = {1982},
  publisher = {Elsevier}
} 
@article{vegrandichthys,
  title     = {A long snout enchodontid fish ({A}ulopiformes: {E}nchodontidae) from the {E}arly {C}retaceous deposits at the {E}l {C}hango quarry, {C}hiapas, southeastern {M}exico: A multi-approach study},
  author    = {Díaz-Cruz, Jesús Alberto and Alvarado-Ortega, Jesús and Giles, Sam},
  journal   = {Palaeontologia Electronica},
  volume    = {23},
  number    = {2},
  pages     = {1--27},
  year      = {2020},
  publisher = {Paleontological Society}
} 
@inproceedings{berger2010accuracy,
  title        = {Accuracy of morphology-based phylogenetic fossil placement under maximum likelihood},
  author       = {Berger, Simon A and Stamatakis, Alexandros},
  booktitle    = {ACS/IEEE International Conference on Computer Systems and Applications-AICCSA 2010},
  pages        = {1--9},
  year         = {2010},
  organization = {IEEE}
} 
@article{tschopp2018challenges,
  title     = {The challenges and potential utility of phenotypic specimen-level phylogeny based on maximum parsimony},
  author    = {Tschopp, Emanuel and Upchurch, Paul},
  journal   = {Earth and Environmental Science Transactions of the Royal Society of Edinburgh},
  volume    = {109},
  number    = {1-2},
  pages     = {301--323},
  year      = {2018},
  publisher = {Royal Society of Edinburgh Scotland Foundation}
} 
@article{maximum-likelihood,
  title     = {Maximum likelihood and minimum-steps methods for estimating evolutionary trees from data on discrete characters},
  author    = {Felsenstein, Joseph},
  journal   = {Systematic Biology},
  volume    = {22},
  number    = {3},
  pages     = {240--249},
  year      = {1973},
  publisher = {Society of Systematic Zoology}
} 
@book{garli,
  title     = {Genetic algorithm approaches for the phylogenetic analysis of large biological sequence datasets under the maximum likelihood criterion},
  author    = {Zwickl, Derrick Joel},
  year      = {2006},
  publisher = {the University of Texas at Austin}
} 
@article{iwmp,
  title     = {Estimating character weights during tree search},
  author    = {Goloboff, Pablo A},
  journal   = {Cladistics},
  volume    = {9},
  number    = {1},
  pages     = {83--91},
  year      = {1993},
  publisher = {Wiley Online Library}
} 
@article{dicynodonts-cris,
  title     = {A new phylogenetic analysis of {T}riassic dicynodonts ({T}herapsida) and the systematic position of \textit{{J}achaleria candelariensis} from the {U}pper {T}riassic of {B}razil.(With 8 figures and 1 table)},
  author    = {Vega-Dias, Cristina and Maisch, Michael W and Schultz, Cesar Leandro},
  journal   = {Neues Jahrbuch für Geologie und Paläontologie Abhandlungen},
  volume    = {231},
  number    = {2},
  pages     = {145--166},
  year      = {2004},
  publisher = {E. SCHWEIZERBART'SCHE VERLAGSBUCHHANDLUNG}
} 
@article{mongiardino2021fossils,
  title     = {Fossils improve phylogenetic analyses of morphological characters},
  author    = {Mongiardino Koch, Nicol{\'a}s and Garwood, Russell J and Parry, Luke A},
  journal   = {Proceedings of the Royal Society B},
  volume    = {288},
  number    = {1950},
  pages     = {20210044},
  year      = {2021},
  publisher = {The Royal Society}
} 
@article{parsimony-computation,
  title     = {Toward defining the course of evolution: minimum change for a specific tree topology},
  author    = {Fitch, Walter M},
  journal   = {Systematic Biology},
  volume    = {20},
  number    = {4},
  pages     = {406--416},
  year      = {1971},
  publisher = {Society of Systematic Zoology}
} 
@article{bootstrap,
  title     = {Confidence limits on phylogenies: an approach using the bootstrap},
  author    = {Felsenstein, Joseph},
  journal   = {evolution},
  volume    = {39},
  number    = {4},
  pages     = {783--791},
  year      = {1985},
  publisher = {Blackwell Publishing Inc Malden, USA}
} 
@article{bremer1994branch,
  title     = {Branch support and tree stability},
  author    = {Bremer, Kåre},
  journal   = {Cladistics},
  volume    = {10},
  number    = {3},
  pages     = {295--304},
  year      = {1994},
  publisher = {Wiley Online Library}
} 
@article{gatc,
  title     = {{GATC}: a genetic algorithm for gene tree construction under the Duplication-Transfer-Loss model of evolution},
  author    = {Noutahi, Emmanuel and El-Mabrouk, Nadia},
  journal   = {BMC genomics},
  volume    = {19},
  pages     = {97--107},
  year      = {2018},
  publisher = {Springer}
} 
@article{mo-phynet,
  title     = {An evolutionary algorithm based on parsimony for the multiobjective phylogenetic network inference problem},
  author    = {Villalobos-Cid, Manuel and Dorn, M{\'a}rcio and Contreras, {\'A}ngela and Inostroza-Ponta, Mario},
  journal   = {Applied Soft Computing},
  volume    = {139},
  pages     = {110270},
  year      = {2023},
  publisher = {Elsevier}
} 
@article{cau2017specimen,
  title     = {Specimen-level phylogenetics in paleontology using the {F}ossilized {B}irth-{D}eath model with sampled ancestors},
  author    = {Cau, Andrea},
  journal   = {PeerJ},
  volume    = {5},
  pages     = {e3055},
  year      = {2017},
  publisher = {PeerJ Inc.}
} 
@article{bremer-support,
  title     = {The limits of amino acid sequence data in angiosperm phylogenetic reconstruction},
  author    = {Bremer, Kåre},
  journal   = {Evolution},
  volume    = {42},
  number    = {4},
  pages     = {795--803},
  year      = {1988},
  publisher = {Blackwell Publishing Inc Malden, USA}
} 
@article{implied-ranting,
  title     = {Weighted parsimony outperforms other methods of phylogenetic inference under models appropriate for morphology},
  author    = {Goloboff, Pablo A and Torres, Ambrosio and Arias, J Salvador},
  journal   = {Cladistics},
  volume    = {34},
  number    = {4},
  pages     = {407--437},
  year      = {2018},
  publisher = {Wiley Online Library}
} 
@article{extended-implied-weighting,
  title     = {Extended implied weighting},
  author    = {Goloboff, Pablo A},
  journal   = {Cladistics},
  volume    = {30},
  number    = {3},
  pages     = {260--272},
  year      = {2014},
  publisher = {Wiley Online Library}
} 
@article{archosauria,
  title     = {The higher-level phylogeny of {A}rchosauria ({T}etrapoda: {D}iapsida)},
  author    = {Brusatte, Stephen L and Benton, Michael J and Desojo, Julia B and Langer, Max C},
  journal   = {Journal of Systematic Palaeontology},
  volume    = {8},
  number    = {1},
  pages     = {3--47},
  year      = {2010},
  publisher = {Taylor \& Francis}
} 